<record><leader>00000cas a22000007a 4500</leader><controlfield tag="001">12130686</controlfield><controlfield tag="008">850607c19799999njuwr ne      0    0eng d</controlfield><datafield ind1=" " ind2=" " tag="010"><subfield code="a">sn 85035785 </subfield></datafield><datafield ind1=" " ind2=" " tag="040"><subfield code="a">NPA</subfield><subfield code="b">eng</subfield><subfield code="c">NPA</subfield><subfield code="d">OCLCQ</subfield></datafield><datafield ind1=" " ind2=" " tag="042"><subfield code="a">msc</subfield></datafield><datafield ind1="0" ind2=" " tag="130"><subfield code="a">Cranford chronicle (1979)</subfield></datafield><datafield ind1="1" ind2="4" tag="245"><subfield code="a">The Cranford chronicle.</subfield></datafield><datafield ind1=" " ind2=" " tag="260"><subfield code="a">Cranford, N.J. :</subfield><subfield code="b">Awbrey Communications,</subfield><subfield code="c">1979-</subfield></datafield><datafield ind1=" " ind2=" " tag="300"><subfield code="a">v. :</subfield><subfield code="b">ill.</subfield></datafield><datafield ind1=" " ind2=" " tag="310"><subfield code="a">Weekly</subfield></datafield><datafield ind1="0" ind2=" " tag="362"><subfield code="a">Vol. 86, no. 11 (Mar. 15, 1979)-</subfield></datafield><datafield ind1=" " ind2=" " tag="530"><subfield code="a">Also issued on microfilm by Archival Micrographics, Midland Park, N.J.</subfield></datafield><datafield ind1=" " ind2=" " tag="752"><subfield code="a">United States</subfield><subfield code="b">New Jersey</subfield><subfield code="c">Union</subfield><subfield code="d">Cranford.</subfield></datafield><datafield ind1=" " ind2=" " tag="752"><subfield code="a">United States</subfield><subfield code="b">New Jersey</subfield><subfield code="c">Union</subfield><subfield code="d">Kenilworth.</subfield></datafield><datafield ind1=" " ind2=" " tag="752"><subfield code="a">United States</subfield><subfield code="b">New Jersey</subfield><subfield code="c">Union</subfield><subfield code="d">Garwood.</subfield></datafield><datafield ind1="0" ind2="0" tag="780"><subfield code="t">Cranford citizen and chronicle (1958)</subfield><subfield code="w">(DLC)sn 85035784</subfield></datafield></record>